@article{histfactory,
      author         = "Cranmer, Kyle and Lewis, George and Moneta, Lorenzo and
                        Shibata, Akira and Verkerke, Wouter",
      title          = "{HistFactory: A tool for creating statistical models for
                        use with RooFit and RooStats}",
      collaboration  = "ROOT Collaboration",
      year           = "2012",
      reportNumber   = "CERN-OPEN-2012-016",
      SLACcitation   = "%%CITATION = CERN-OPEN-2012-016 ETC.;%%",
      url = {https://inspirehep.net/record/1236448},
}
@article{histfitter,
      author         = "Baak, M. and Besjes, G.J. and Cote, D. and Koutsman, A.
                        and Lorenz, J. and others",
      title          = "{HistFitter software framework for statistical data
                        analysis}",
      year           = "2014",
      eprint         = "1410.1280",
      archivePrefix  = "arXiv",
      primaryClass   = "hep-ex",
      SLACcitation   = "%%CITATION = ARXIV:1410.1280;%%",
}
