@article{atlas-lumi,
      author         = "Aad, Georges and others",
      title          = "{Improved luminosity determination in pp collisions at
                        sqrt(s) = 7 TeV using the ATLAS detector at the LHC}",
      collaboration  = "ATLAS",
      journal        = "Eur.Phys.J.",
      number         = "8",
      volume         = "C73",
      pages          = "2518",
      doi            = "10.1140/epjc/s10052-013-2518-3",
      year           = "2013",
      eprint         = "1302.4393",
      archivePrefix  = "arXiv",
      primaryClass   = "hep-ex",
      reportNumber   = "CERN-PH-EP-2013-026",
      SLACcitation   = "%%CITATION = ARXIV:1302.4393;%%",
}

@article{lhc-machine,
  author={Lyndon Evans and Philip Bryant},
  title={LHC Machine},
  journal={Journal of Instrumentation},
  volume={3},
  number={08},
  pages={S08001},
  url={http://stacks.iop.org/1748-0221/3/i=08/a=S08001},
  year={2008},
}

@article{lhc-injector,
      author         = "Benedikt, M. and Collier, P. and Mertens, V. and Poole,
                        J. and Schindl, K.",
      editor         = "Benedikt, M.",
      title          = "{LHC Design Report. 3. The LHC injector chain}",
      year           = "2004",
      reportNumber   = "CERN-2004-003-V-3, CERN-2004-003",
      SLACcitation   = "%%CITATION = CERN-2004-003-V-3 ETC.;%%",
}
