% ===================== historical =============================

@article{ua1w,
title = "Experimental observation of isolated large transverse energy electrons with associated missing energy at $\sqrt{s}=540$ GeV ",
journal = "Physics Letters B ",
volume = "122",
number = "1",
pages = "103 - 116",
year = "1983",
note = "",
issn = "0370-2693",
doi = "http://dx.doi.org/10.1016/0370-2693(83)91177-2",
NOurl = "http://www.sciencedirect.com/science/article/pii/0370269383911772",
author = "{UA1 Collaboration}",
}

@article{ua2w,
title = "Observation of single isolated electrons of high transverse momentum in events with missing transverse energy at the {CERN} $pp$ collider ",
journal = "Physics Letters B ",
volume = "122",
number = "5–6",
pages = "476 - 485",
year = "1983",
note = "",
issn = "0370-2693",
doi = "http://dx.doi.org/10.1016/0370-2693(83)91605-2",
NOurl = "http://www.sciencedirect.com/science/article/pii/0370269383916052",
author = "{UA2 Collaboration}",
}

@article{ua1z,
title = "Experimental observation of lepton pairs of invariant mass around 95 GeV/c2 at the {CERN} {SPS} collider ",
journal = "Physics Letters B ",
volume = "126",
number = "5",
pages = "398 - 410",
year = "1983",
note = "",
issn = "0370-2693",
doi = "http://dx.doi.org/10.1016/0370-2693(83)90188-0",
NOurl = "http://www.sciencedirect.com/science/article/pii/0370269383901880",
author = "{UA1 Collaboration}",
}

@article{chargedlsp,
  title = {Bounds on charged, stable superpartners from cosmic ray production},
  author = {Byrne, Mark and Kolda, Christopher and Regan, Peter},
  journal = {Phys. Rev. D},
  volume = {66},
  issue = {7},
  pages = {075007},
  numpages = {5},
  year = {2002},
  month = {Oct},
  publisher = {American Physical Society},
  doi = {10.1103/PhysRevD.66.075007},
  url = {http://link.aps.org/doi/10.1103/PhysRevD.66.075007}
}


@article{sggs,
title = "Field theory interpretation of supergauges in dual models ",
journal = "Nuclear Physics B ",
volume = "34",
number = "2",
pages = "632 - 639",
year = "1971",
note = "",
issn = "0550-3213",
doi = "http://dx.doi.org/10.1016/0550-3213(71)90351-8",
url = "http://www.sciencedirect.com/science/article/pii/0550321371903518",
author = "J.-L. Gervais and B. Sakita"
}
@article{duelfermions,
  title = {Dual Theory for Free Fermions},
  author = {Ramond, P.},
  journal = {Phys. Rev. D},
  volume = {3},
  issue = {10},
  pages = {2415--2418},
  numpages = {0},
  year = {1971},
  month = {May},
  publisher = {American Physical Society},
  doi = {10.1103/PhysRevD.3.2415},
  url = {http://link.aps.org/doi/10.1103/PhysRevD.3.2415}
}


@article{ua2z,
title = "Evidence for $Z^{0} \to e^+ e^-$ at the {CERN} pp collider ",
journal = "Physics Letters B ",
volume = "129",
number = "1–2",
pages = "130 - 140",
year = "1983",
note = "",
issn = "0370-2693",
doi = "http://dx.doi.org/10.1016/0370-2693(83)90744-X",
NOurl = "http://www.sciencedirect.com/science/article/pii/037026938390744X",
author = "{UA2 Collaboration}"
}

@article{atlashiggs,
title = "Observation of a new particle in the search for the Standard Model Higgs boson with the \{ATLAS\} detector at the \{LHC\} ",
journal = "Physics Letters B ",
volume = "716",
number = "1",
pages = "1 - 29",
year = "2012",
note = "",
issn = "0370-2693",
doi = "http://dx.doi.org/10.1016/j.physletb.2012.08.020",
archivePrefix = "arXiv",
eprint = "1207.7214",
author = "{ATLAS Collaboration}",
}

@article{cmshiggs,
title = "Observation of a new boson at a mass of 125 GeV with the \{CMS\} experiment at the \{LHC\} ",
journal = "Physics Letters B ",
volume = "716",
number = "1",
pages = "30 - 61",
year = "2012",
note = "",
issn = "0370-2693",
doi = "http://dx.doi.org/10.1016/j.physletb.2012.08.021",
archivePrefix = "arXiv",
eprint = "1207.7235",
author = "{CMS Collaboration}",
}

@article{tevatron,
  author={Stephen Holmes and Ronald S Moore and Vladimir Shiltsev},
  title={Overview of the Tevatron collider complex: goals, operations and performance},
  journal={Journal of Instrumentation},
  volume={6},
  number={08},
  pages={T08001},
  url={http://stacks.iop.org/1748-0221/6/i=08/a=T08001},
  year={2011},
}





% ====================== statistics ===================

@techreport{susy-limit-setting,
      author        = "Bruneliere, R and Baak, M and Lundberg, J and Rammensee, M
                       C and Khoo, T J",
      title         = "{Setting exclusion limits in ATLAS supersymmetry searches
                       with a likelihood ratio based method}",
      institution   = "CERN",
      address       = "Geneva",
      number        = "ATL-PHYS-INT-2011-032",
      month         = "Apr",
      year          = "2011",
      url           = {https://cds.cern.ch/record/1342545}
}

@article{asymptotics,
year={2011},
issn={1434-6044},
journal={The European Physical Journal C},
eid={1554},
volume={71},
number={2},
doi={10.1140/epjc/s10052-011-1554-0},
title={Asymptotic formulae for likelihood-based tests of new physics},
url={http://dx.doi.org/10.1140/epjc/s10052-011-1554-0},
publisher={Springer-Verlag},
author={Cowan, Glen and Cranmer, Kyle and Gross, Eilam and Vitells, Ofer},
language={English}
}

@article{histfactory,
      author         = "Cranmer, Kyle and Lewis, George and Moneta, Lorenzo and
                        Shibata, Akira and Verkerke, Wouter",
      title          = "{HistFactory: A tool for creating statistical models for
                        use with RooFit and RooStats}",
      collaboration  = "ROOT Collaboration",
      year           = "2012",
      reportNumber   = "CERN-OPEN-2012-016",
      SLACcitation   = "%%CITATION = CERN-OPEN-2012-016 ETC.;%%",
      url = {https://inspirehep.net/record/1236448},
}
@article{histfitter,
      author         = "Baak, M. and Besjes, G.J. and Cote, D. and Koutsman, A.
                        and Lorenz, J. and others",
      title          = "{HistFitter software framework for statistical data
                        analysis}",
      year           = "2014",
      eprint         = "1410.1280",
      archivePrefix  = "arXiv",
      primaryClass   = "hep-ex",
      SLACcitation   = "%%CITATION = ARXIV:1410.1280;%%",
}
@Article{cls,
     author    = "Read, Alexander L.",
     title     = "{Presentation of search results: The CL(s) technique}",
     journal   = "J. Phys.",
     volume    = "G28",
     year      = "2002",
     pages     = "2693-2704",
     doi       = "10.1088/0954-3899/28/10/313",
     SLACcitation  = "%%CITATION = JPHGB,G28,2693;%%"
}



% ================ cosmo =================

@article{planck2013,
      author         = "Ade, P.A.R. and others",
      title          = "{Planck 2013 results. XVI. Cosmological parameters}",
      collaboration  = "Planck",
      journal        = "Astron.Astrophys.",
      volume         = "571",
      pages          = "A16",
      doi            = "10.1051/0004-6361/201321591",
      year           = "2014",
      eprint         = "1303.5076",
      archivePrefix  = "arXiv",
      primaryClass   = "astro-ph.CO",
      SLACcitation   = "%%CITATION = ARXIV:1303.5076;%%",
}
@article{planck2013overview,
      author         = "Ade, P.A.R. and others",
      title          = "{Planck 2013 results. I. Overview of products and
                        scientific results}",
      collaboration  = "Planck",
      journal        = "Astron.Astrophys.",
      volume         = "571",
      pages          = "A1",
      doi            = "10.1051/0004-6361/201321529",
      year           = "2014",
      eprint         = "1303.5062",
      archivePrefix  = "arXiv",
      primaryClass   = "astro-ph.CO",
      SLACcitation   = "%%CITATION = ARXIV:1303.5062;%%",
}

@article{planck2015,
      author         = "Ade, P.A.R. and others",
      title          = "{Planck 2015 results. XIII. Cosmological parameters}",
      collaboration  = "Planck Collaboration",
      year           = "2015",
      eprint         = "1502.01589",
      archivePrefix  = "arXiv",
      primaryClass   = "astro-ph.CO",
      SLACcitation   = "%%CITATION = ARXIV:1502.01589;%%",
}
@article{wmap,
   author = {{Hinshaw}, G. and {Larson}, D. and {Komatsu}, E. and {Spergel}, D.~N. and 
	{Bennett}, C.~L. and {Dunkley}, J. and {Nolta}, M.~R. and {Halpern}, M. and 
	{Hill}, R.~S. and {Odegard}, N. and {Page}, L. and {Smith}, K.~M. and 
	{Weiland}, J.~L. and {Gold}, B. and {Jarosik}, N. and {Kogut}, A. and 
	{Limon}, M. and {Meyer}, S.~S. and {Tucker}, G.~S. and {Wollack}, E. and 
	{Wright}, E.~L.},
    title = "{Nine-year Wilkinson Microwave Anisotropy Probe (WMAP) Observations: Cosmological Parameter Results}",
archivePrefix = "arXiv",
   eprint = {1212.5226},
 primaryClass = "astro-ph.CO",
 keywords = {cosmic background radiation, cosmology: observations, dark matter, early universe, instrumentation: detectors, space vehicles, space vehicles: instruments, telescopes },
     year = 2013,
    month = oct,
   volume = 208,
      eid = {19},
    pages = {19},
      doi = {10.1088/0067-0049/208/2/19},
   adsurl = {http://adsabs.harvard.edu/abs/2013ApJS..208...19H},
  adsnote = {Provided by the SAO/NASA Astrophysics Data System}
}

@article{wimps,
      author         = "Jungman, Gerard and Kamionkowski, Marc and Griest, Kim",
      title          = "{Supersymmetric dark matter}",
      journal        = "Phys.Rept.",
      volume         = "267",
      pages          = "195-373",
      doi            = "10.1016/0370-1573(95)00058-5",
      year           = "1996",
      eprint         = "hep-ph/9506380",
      archivePrefix  = "arXiv",
      primaryClass   = "hep-ph",
      reportNumber   = "SU-4240-605, UCSD-PTH-95-02, IASSNS-HEP-95-14, CU-TP-677",
      SLACcitation   = "%%CITATION = HEP-PH/9506380;%%",
}
@ARTICLE{andromeda,
   author = {{Babcock}, H.~W.},
    title = "{The rotation of the Andromeda Nebula}",
  journal = {Lick Observatory Bulletin},
 keywords = {ANDROMEDA GALAXY},
     year = 1939,
   volume = 19,
    pages = {41-51},
      doi = {10.5479/ADS/bib/1939LicOB.19.41B},
   adsurl = {http://adsabs.harvard.edu/abs/1939LicOB..19...41B},
  adsnote = {Provided by the SAO/NASA Astrophysics Data System}
}
@article{universal-rotation,
      author         = "Persic, Massimo and Salucci, Paolo and Stel, Fulvio",
      title          = "{The Universal rotation curve of spiral galaxies: 1. The
                        Dark matter connection}",
      journal        = "Mon.Not.Roy.Astron.Soc.",
      volume         = "281",
      pages          = "27",
      doi            = "10.1093/mnras/278.1.27",
      year           = "1996",
      eprint         = "astro-ph/9506004",
      archivePrefix  = "arXiv",
      primaryClass   = "astro-ph",
      reportNumber   = "SISSA-60-95-A",
      SLACcitation   = "%%CITATION = ASTRO-PH/9506004;%%",
}
@article{chandra,
      author         = "Vikhlinin, Alexey and Kravtsov, A. and Forman, W. and
                        Jones, C. and Markevitch, M. and others",
      title          = "{Chandra sample of nearby relaxed galaxy clusters: Mass,
                        gas fraction, and mass-temperature relation}",
      journal        = "Astrophys.J.",
      volume         = "640",
      pages          = "691-709",
      doi            = "10.1086/500288",
      year           = "2006",
      eprint         = "astro-ph/0507092",
      archivePrefix  = "arXiv",
      primaryClass   = "astro-ph",
      SLACcitation   = "%%CITATION = ASTRO-PH/0507092;%%",
}
@article{bullet,
      author         = "Markevitch, Maxim and Gonzalez, A.H. and Clowe, D. and
                        Vikhlinin, A. and David, L. and others",
      title          = "{Direct constraints on the dark matter self-interaction
                        cross-section from the merging galaxy cluster 1E0657-56}",
      journal        = "Astrophys.J.",
      volume         = "606",
      pages          = "819-824",
      doi            = "10.1086/383178",
      year           = "2004",
      eprint         = "astro-ph/0309303",
      archivePrefix  = "arXiv",
      primaryClass   = "astro-ph",
      SLACcitation   = "%%CITATION = ASTRO-PH/0309303;%%",
}
@article{colliding-galaxy,
      author         = "Harvey, David and Massey, Richard and Kitching, Thomas
                        and Taylor, Andy and Tittley, Eric",
      title          = "{The non-gravitational interactions of dark matter in
                        colliding galaxy clusters}",
      journal        = "Science",
      number         = "6229",
      volume         = "347",
      pages          = "1462-1465",
      doi            = "10.1126/science.1261381",
      year           = "2015",
      eprint         = "1503.07675",
      archivePrefix  = "arXiv",
      primaryClass   = "astro-ph.CO",
      SLACcitation   = "%%CITATION = ARXIV:1503.07675;%%",
}



% ================ books ==================

@book{peskin,
   title = "An introduction to quantum field theory",
   author = "Peskin, Michael Edward and Schroeder, Daniel V.",
   series = "Advanced book program",
   publisher = "Westview Press Reading (Mass.)",
   year = 1995
}
@book{srednicki,
  title={Quantum Field Theory},
  author={Srednicki, M.},
  isbn={9781139462761},
  NOurl={http://books.google.com/books?id=5OepxIG42B4C},
  year={2007},
  publisher={Cambridge University Press}
}
@book{zuber,
      author        = "Zuber, Kai",
      title         = "{Neutrino physics; 2nd ed.}",
      publisher     = "CRC Press",
      address       = "Boca Raton, FL",
      series        = "Series in high energy physics, cosmology, and gravitation",
      year          = "2012",
}
% ============== review articles =======================
@Article{pdg2014,
 author        = "{K.A. Olive and others}",
 collaboration = "{Particle Data Group}",
 title         = "{Review of Particle Physics}",
 journal       = "Chin.Phys.",
 volume        = "C38",
 pages         = "090001",
 year          = "2014",
 doi           = "10.1088/1674-1137/38/9/090001",
}
@article{susyprimer,
      author         = "Martin, Stephen P.",
      title          = "{A Supersymmetry primer}",
      journal        = "Adv.Ser.Direct.High Energy Phys.",
      volume         = "21",
      pages          = "1-153",
      doi            = "10.1142/9789814307505_0001",
      year           = "2010",
      eprint         = "hep-ph/9709356",
      archivePrefix  = "arXiv",
      primaryClass   = "hep-ph",
      SLACcitation   = "%%CITATION = HEP-PH/9709356;%%",
}
@article{olive,
      author         = "Olive, Keith A.",
      title          = "{Introduction to supersymmetry: Astrophysical and
                        phenomenological constraints}",
      pages          = "221-293",
      doi            = "10.1007/3-540-45334-2_5",
      year           = "1999",
      eprint         = "hep-ph/9911307",
      archivePrefix  = "arXiv",
      primaryClass   = "hep-ph",
      reportNumber   = "UMN-TH-1824-99, TPI-MINN-99-49",
      SLACcitation   = "%%CITATION = HEP-PH/9911307;%%",
}

% =============== figures ======================

@misc{smwiki,
  title = "{Standard Model of Elementary Particles modified version}",
  howpublished = {\url{http://commons.wikimedia.org/wiki/File:Standard_Model_of_Elementary_Particles_modified_version.svg}},
  note = {By MissMJ, Nasfarley88 and others, see source [\href{http://creativecommons.org/licenses/by/3.0}{CC BY 3.0}], via Wikimedia Commons}
}

@misc{bullet-picture,
title = {The Matter of the {Bullet} {Cluster}},
howpublished = {\url{http://apod.nasa.gov/apod/ap060824.html}}
}
@misc{planck-picture,
title = {Cosmic Microwave Background Seen by {Planck}},
howpublished = {\url{http://sci.esa.int/planck/51553-cosmic-microwave-background-seen-by-planck/}}
}
@misc{unification-ugly,
title = "Fig. 4",
howpublished = {\url{http://www.nobelprize.org/nobel_prizes/physics/laureates/2004/popular.html}}
}
@misc{atlas-sm,
title = "Summary of several Standard Model total and fiducial production cross section measurements",
howpublished = {\url{https://atlas.web.cern.ch/Atlas/GROUPS/PHYSICS/CombinedSummaryPlots/SM/}}
}
@misc{sm-crosssec,
title = "Standard Model cross sections as a fucntion of collider energy, with 125 {GeV} {Higgs} and including 33 {TeV} {HE} {LHC}",
author = "James Stirling",
institution = "Imperial College London",
howpublished = {\url{http://www.hep.ph.ic.ac.uk/~wstirlin/plots/plots.html}}
}
@misc{mstw-proton,
title = "{MSTW 2008 NLO PDFs}",
howpublished = {\url{http://mstwpdf.hepforge.org}}
}
@misc{stirling,
howpublished = "{W.J. Stirling, private communication}",
url = "http://www.hep.ph.ic.ac.uk/~wstirlin/plots/plots.html"
}

