% ==================== jets and tagging ============

@article{antikt,
     author    = "Cacciari, Matteo and Salam, Gavin P. and Soyez, Gregory",
     title     = "{The anti-$k_{t}$ jet clustering algorithm}",
     journal   = "JHEP",
     volume    = "04",
     year      = "2008",
     pages     = "063",
     eprint         = "0802.1189",
     archivePrefix  = "arXiv",
     primaryClass   = "hep-ph",

}

@techreport{atlasalphastrong,
      title         = "{Measurement of multi-jet cross-section ratios and
                       determination of the strong coupling constant in
                       proton-proton collisions at sqrt(s)=7 TeV with the ATLAS
                       detector.}",
      institution   = "CERN",
      collaboration = "ATLAS Collaboration",
      address       = "Geneva",
      number        = "ATLAS-CONF-2013-041",
      month         = "Apr",
      year          = "2013",
      url = "http://atlas.web.cern.ch/Atlas/GROUPS/PHYSICS/CONFNOTES/ATLAS-CONF-2013-041/",
}

@article{LCJets,
      author         = "Barillari, T. and others",
      title          = "{Local hadronic calibration}",
      collaboration  = "ATLAS Collaboration",
      year           = "2009",
      reportNumber   = "ATL-LARG-PUB-2009-001-2, ATL-COM-LARG-2008-006",
      SLACcitation   = "%%CITATION = ATL-LARG-PUB-2009-001-2 ETC.;%%",
      url            = {https://cds.cern.ch/record/1112035}
}

@Article{JES,
     author    = "{ATLAS Collaboration}",
     title     = "{Jet energy measurement with the ATLAS detector in proton-
                  proton collisions at $\sqrt{s} = 7$ TeV}",
      journal        = "Eur.Phys.J.",
      volume         = "C73",
      pages          = 2304,
      doi            = "10.1140/epjc/s10052-013-2304-2",
      year           = 2013,
      eprint         = "1112.6426",
      archivePrefix  = "arXiv",
      primaryClass   = "hep-ex",
     SLACcitation  = "%%CITATION = 1112.6426;%%"
}
@article{alt-jes,
      key            = "1204076",
      title          = "{Update on the jet energy scale systematic uncertainty
                        for jets produced in proton-proton collisions at
                        $\sqrt{s}=7$~TeV measured with the ATLAS detector}",
      collaboration  = "ATLAS",
      year           = "2011",
      reportNumber   = "ATLAS-CONF-2011-007, ATLAS-COM-CONF-2011-008",
      SLACcitation   = "%%CITATION = ATLAS-CONF-2011-007 ETC.;%%",
}


@Article{2013JVF,
     author = "{ATLAS Collaboration}",
      title = "Pile-up subtraction and suppression for jets in ATLAS",
institution = "CERN",
    address = "Geneva",
     report = "{ATLAS-CONF-2013-08}",
       year = 2013,
     eprint = "https://cds.cern.ch/record/1570994"
}

@Article{Giacinto,
  author = 	 "{ATLAS Collaboration}",
  title = 	 "{Calibration of $b$-tagging using dileptonic top pair events in a combinatorial likelihood approach with the ATLAS experiment}",
  institution =  {CERN},
  address =      {Geneva},
  year = 	 2014,
  report=        "{ATLAS-CONF-2014-004}",
  url =       "http://cdsweb.cern.ch/record/1664335",
}
@Article{bc2014,
  author = 	 "{ATLAS Collaboration}",
  title = 	 "{Calibration of the performance of $b$-tagging for $c$ and light-flavour jets in the 2012 ATLAS data}",
  institution =  {CERN},
  address =      {Geneva},
  year = 	 2014,
  report=        "{ATLAS-CONF-2014-046}",
  url =       "http://cdsweb.cern.ch/record/1741020",
}

@Article{AdvancedTaggers,
     author = "{ATLAS Collaboration}",
     title = "{Commissioning of high performance b-tagging algorithms with the ATLAS detector}",
     institution = "CERN",
     address = "Geneva",
     report= "{ATLAS-CONF-2011-102}",
     month = "July",
     year = "2011",
     url = "http://cdsweb.cern.ch/record/1369219"
}

@Article{SV0April,
     author = "{ATLAS Collaboration}",
      title = "{Performance of the ATLAS Secondary Vertex b-tagging Algorithm in 7~TeV Collision Data}",
institution = "CERN",
    address = "Geneva",
     report = "{ATLAS-CONF-2010-042}",
      month = "May",
       year = "2010",
     url     = "http://cdsweb.cern.ch/record/1277682"
}

@article{jetfitter,
      author         = "Piacquadio, Giacinto and Weiser, Christian",
      title          = "{A new inclusive secondary vertex algorithm for b-jet
                        tagging in ATLAS}",
      journal        = "J.Phys.Conf.Ser.",
      volume         = 119,
      pages          = 032032,
      doi            = "10.1088/1742-6596/119/3/032032",
      year           = 2008,
      SLACcitation   = "%%CITATION = 00462,119,032032;%%",
}


@Article{Peterson:1993nk,
     author    = "Peterson, Carsten and Rognvaldsson, Thorsteinn and
                  Lonnblad, Leif",
     title     = "{JETNET 3.0: A Versatile artificial neural network
                  package}",
     journal   = "Comput. Phys. Commun.",
     volume    = "81",
     year      = "1994",
     pages     = "185-220",
     doi       = "10.1016/0010-4655(94)90120-1",
     SLACcitation  = "%%CITATION = CPHCB,81,185;%%"
}

@misc{luke-thesis,
  author       = {Luke Percival de Oliveira},
  title        = "Deep Feature Learning for charm and boom jet identication at $\sqrt{s}$ = 8 {TeV} using the {ATLAS} detector at {CERN}",
  school       = {Yale University},
  year         = 2014,
  NOaddress      = {The address of the publisher},
  NOmonth        = 7,
  note         = {\url{http://lukedeo.github.io/thesis.pdf}}
}

@ARTICLE{calo-ready,
   author = {{Aad}, G. and {Abbott}, B. and {Abdallah}, J. and {Abdelalim}, A.~A. and 
	{Abdesselam}, A. and {Abdinov}, O. and {Abi}, B. and {Abolins}, M. and 
	{Abramowicz}, H. and {Abreu}, H. and et al.},
    title = "{Readiness of the ATLAS liquid argon calorimeter for LHC collisions}",
  journal = {European Physical Journal C},
archivePrefix = "arXiv",
   eprint = {0912.2642},
 primaryClass = "physics.ins-det",
     year = 2010,
    month = dec,
   volume = 70,
    pages = {723-753},
      doi = {10.1140/epjc/s10052-010-1354-y},
   adsurl = {http://adsabs.harvard.edu/abs/2010EPJC...70..723A},
  adsnote = {Provided by the SAO/NASA Astrophysics Data System}
}

@article{beam-backgrounds,
      author         = "Aad, Georges and others",
      title          = "{Characterisation and mitigation of beam-induced
                        backgrounds observed in the ATLAS detector during the 2011
                        proton-proton run}",
      collaboration  = "ATLAS",
      journal        = "JINST",
      volume         = "8",
      pages          = "P07004",
      doi            = "10.1088/1748-0221/8/07/P07004",
      year           = "2013",
      eprint         = "1303.0223",
      archivePrefix  = "arXiv",
      primaryClass   = "hep-ex",
      reportNumber   = "CERN-PH-EP-2012-313",
      SLACcitation   = "%%CITATION = ARXIV:1303.0223;%%",
}

@techreport{jet-smearing,
      author        = "Owen, S",
      title         = "{Data-driven estimation of the QCD multijet background to
                       SUSY searches with jets and missing transverse momentum at
                       ATLAS using jet smearing}",
      institution   = "CERN",
      address       = "Geneva",
      number        = "ATL-PHYS-INT-2012-008",
      month         = "Feb",
      year          = "2012",
      reportNumber  = "ATL-PHYS-INT-2012-008",
      url           = "https://cds.cern.ch/record/1423310",
}


@techreport{jfc,
      title         = "{Performance and Calibration of the JetFitterCharm
                       Algorithm for c-Jet Identification}",
      institution   = "CERN",
      address       = "Geneva",
      number        = "ATL-PHYS-PUB-2015-001",
      month         = "Jan",
      year          = "2015",
      reportNumber  = "ATL-PHYS-PUB-2015-001",
      url           = "https://cds.cern.ch/record/1980463",
}
