@article{metpaper,
      author         = "The ATLAS collaboration",
      title          = "{Performance of Missing Transverse Momentum
                        Reconstruction in ATLAS studied in Proton-Proton
                        Collisions recorded in 2012 at 8 TeV}",
      year           = "2013",
      reportNumber   = "ATLAS-CONF-2013-082, ATLAS-COM-CONF-2013-075",
      SLACcitation   = "%%CITATION = ATLAS-CONF-2013-082 ETC.;%%",
}
@misc{koomet,
howpublished = "{T.J Khoo, private communication}",
url = "http://www.hep.ph.ic.ac.uk/~wstirlin/plots/plots.html"
}

@article{el-gamma,
      author         = "Aad, Georges and others",
      title          = "{Electron and photon energy calibration with the ATLAS
                        detector using LHC Run 1 data}",
      collaboration  = "ATLAS",
      journal        = "Eur.Phys.J.",
      number         = "10",
      volume         = "C74",
      pages          = "3071",
      doi            = "10.1140/epjc/s10052-014-3071-4",
      year           = "2014",
      eprint         = "1407.5063",
      archivePrefix  = "arXiv",
      primaryClass   = "hep-ex",
      reportNumber   = "CERN-PH-EP-2014-153",
      SLACcitation   = "%%CITATION = ARXIV:1407.5063;%%",
}
@article{muon,
      author         = "Aad, Georges and others",
      title          = "{Measurement of the muon reconstruction performance of
                        the ATLAS detector using 2011 and 2012 LHC proton-proton
                        collision data}",
      collaboration  = "ATLAS",
      journal        = "Eur.Phys.J.",
      number         = "11",
      volume         = "C74",
      pages          = "3130",
      doi            = "10.1140/epjc/s10052-014-3130-x",
      year           = "2014",
      eprint         = "1407.3935",
      archivePrefix  = "arXiv",
      primaryClass   = "hep-ex",
      reportNumber   = "CERN-PH-EP-2014-151",
      SLACcitation   = "%%CITATION = ARXIV:1407.3935;%%",
}
