% ===================== atlas searches ============================
@misc{stopCharmATLAS,
      author         = "{ATLAS Collaboration}",
      NOtitle          = "{Search for pair-produced top squarks decaying into a
                        charm quark and the lightest neutralinos with 20.3
                        fb${}^{-1}$ of $pp$ collisions at $\sqrt{s}=8~$TeV with
                        the ATLAS detector at the LHC}",
      year           = "2013",
      howpublished   = "{\href{https://cds.cern.ch/record/1562880}{ATLAS-CONF-2013-068}}",
      SLACcitation   = "%%CITATION = ATLAS-CONF-2013-068 ETC.;%%",
}

@article{stoptocharm,
      author         = "{ATLAS Collaboration}",
      title          = "{Search for pair-produced third-generation squarks
                        decaying via charm quarks or in compressed supersymmetric
                        scenarios in $pp$ collisions at $\sqrt{s}=8~$TeV with the
                        ATLAS detector}",
      journal        = "Phys. Rev.",
      volume         = "D90",
      pages          = "052008",
      doi            = "10.1103/PhysRevD.90.052008",
      year           = "2014",
      eprint         = "1407.0608",
      archivePrefix  = "arXiv",
      primaryClass   = "hep-ex",
      reportNumber   = "CERN-PH-EP-2014-141",
      SLACcitation   = "%%CITATION = ARXIV:1407.0608;%%",
}

@article{cms-inclusive,
      author         = "Chatrchyan, Serguei and others",
      title          = "{Search for new physics in the multijet and missing
                        transverse momentum final state in proton-proton
                        collisions at $\sqrt{s}$= 8 TeV}",
      collaboration  = "CMS",
      journal        = "JHEP",
      volume         = "1406",
      pages          = "055",
      doi            = "10.1007/JHEP06(2014)055",
      year           = "2014",
      eprint         = "1402.4770",
      archivePrefix  = "arXiv",
      primaryClass   = "hep-ex",
      reportNumber   = "CMS-SUS-13-012, CERN-PH-EP-2014-015",
      SLACcitation   = "%%CITATION = ARXIV:1402.4770;%%",
}

@article{atlas-inclusive,
      author         = "Aad, Georges and others",
      title          = "{Search for squarks and gluinos with the ATLAS detector
                        in final states with jets and missing transverse momentum
                        using $\sqrt{s}=8$ TeV proton--proton collision data}",
      collaboration  = "ATLAS",
      journal        = "JHEP",
      volume         = "1409",
      pages          = "176",
      doi            = "10.1007/JHEP09(2014)176",
      year           = "2014",
      eprint         = "1405.7875",
      archivePrefix  = "arXiv",
      primaryClass   = "hep-ex",
      reportNumber   = "CERN-PH-EP-2014-093",
      SLACcitation   = "%%CITATION = ARXIV:1405.7875;%%",
}

@article{sbottom,
      author         = "Aad, Georges and others",
      title          = "{Search for direct third-generation squark pair
                        production in final states with missing transverse
                        momentum and two $b$-jets in $\sqrt{s} =$ 8 TeV $pp$
                        collisions with the ATLAS detector}",
      collaboration  = "ATLAS",
      journal        = "JHEP",
      volume         = "1310",
      pages          = "189",
      doi            = "10.1007/JHEP10(2013)189",
      year           = "2013",
      eprint         = "1308.2631",
      archivePrefix  = "arXiv",
      primaryClass   = "hep-ex",
      reportNumber   = "CERN-PH-EP-2013-119",
      SLACcitation   = "%%CITATION = ARXIV:1308.2631;%%",
}