% ===================== simulation =====================
@Article{powheg,
     author    = "Nason, P.",
     title     = "{A new method for combining NLO QCD with shower Monte Carlo
                  algorithms}",
     journal   = "JHEP",
     volume    = "11",
     year      = "2004",
     pages     = "040",
     archivePrefix = "arXiv",
     eprint    = "0409146",
     primaryClass = "hep-ph"
}
@article{powhegbox,
      author         = "Oleari, Carlo",
      title          = "{The POWHEG-BOX}",
      journal        = "Nucl.Phys.Proc.Suppl.",
      volume         = "205-206",
      pages          = "36-41",
      doi            = "10.1016/j.nuclphysbps.2010.08.016",
      year           = "2010",
      eprint         = "1007.3893",
      archivePrefix  = "arXiv",
      primaryClass   = "hep-ph",
      SLACcitation   = "%%CITATION = ARXIV:1007.3893;%%",
}

@article{acermc,
      author         = "Kersevan, B.P. and Richter-Was, E.",
      title          = "{The Monte Carlo event generator AcerMC versions 2.0 to 3.8 with interfaces to PYTHIA 6.4, HERWIG 6.5 and ARIADNE 4.1}",
      journal        = "Comput. Phys. Commun.",
      volume         = "184",
      pages          = "919",
      doi            = "10.1016/j.cpc.2012.10.032",
      year           = "2013",
      NOeprint         = "0405247",
      archivePrefix  = "arXiv",
      primaryClass   = "hep-ph",
      reportNumber   = "TPJU-6-2004",
      SLACcitation   = "%%CITATION = HEP-PH/0405247;%%",
}      pages          = "919-985",

@article{sherpa,
      author         = "Gleisberg, T. and Hoeche, Stefan. and Krauss, F. and
                        Schonherr, M. and Schumann, S. and others",
      title          = "{Event generation with SHERPA 1.1}",
      journal        = "JHEP",
      volume         = "0902",
      pages          = "007",
      doi            = "10.1088/1126-6708/2009/02/007",
      year           = "2009",
      eprint         = "0811.4622",
      archivePrefix  = "arXiv",
      primaryClass   = "hep-ph",
      reportNumber   = "FERMILAB-PUB-08-477-T, SLAC-PUB-13420, ZU-TH-17-08,
                        DCPT-08-138, IPPP-08-69, EDINBURGH-2008-30, MCNET-08-14",
      SLACcitation   = "%%CITATION = ARXIV:0811.4622;%%",
}


@article{perugia,
      author         = "Skands, Peter Zeiler",
      title          = "{Tuning Monte Carlo Generators: The Perugia Tunes}",
      journal        = "Phys.Rev.",
      volume         = "D82",
      pages          = "074018",
      doi            = "10.1103/PhysRevD.82.074018",
      year           = "2010",
      eprint         = "1005.3457",
      archivePrefix  = "arXiv",
      primaryClass   = "hep-ph",
      reportNumber   = "MCNET-10-08, CERN-PH-TH-2010-113",
      SLACcitation   = "%%CITATION = ARXIV:1005.3457;%%",
}

@article{cteq,
      author         = "Pumplin, J. and Stump, D.R. and Huston, J. and Lai, H.L.
                        and Nadolsky, Pavel M. and others",
      title          = "{New generation of parton distributions with
                        uncertainties from global QCD analysis}",
      journal        = "JHEP",
      volume         = "0207",
      pages          = "012",
      doi            = "10.1088/1126-6708/2002/07/012",
      year           = "2002",
      eprint         = "hep-ph/0201195",
      archivePrefix  = "arXiv",
      primaryClass   = "hep-ph",
      reportNumber   = "MSU-HEP-011101",
      SLACcitation   = "%%CITATION = HEP-PH/0201195;%%",
}

@article{auet2,
      key            = "1196773",
      title          = "{New ATLAS event generator tunes to 2010 data}",
      collaboration  = "ATLAS",
      year           = "2011",
      reportNumber   = "ATL-PHYS-PUB-2011-008, ATL-COM-PHYS-2011-329",
      SLACcitation   = "%%CITATION = ATL-PHYS-PUB-2011-008 ETC.;%%",
}

@article{auet2b,
      key            = "1196788",
      title          = "{ATLAS tunes of PYTHIA 6 and Pythia 8 for MC11}",
      collaboration  = "ATLAS",
      year           = "2011",
      reportNumber   = "ATL-PHYS-PUB-2011-009, ATL-COM-PHYS-2011-744",
      SLACcitation   = "%%CITATION = ATL-PHYS-PUB-2011-009 ETC.;%%",
}

@Article{pythia2,
     author    = "S{j\"o}strand, Torbjorn and Mrenna, Stephen and Skands, Peter
                  Z.",
     title     = "{PYTHIA 6.4 Physics and Manual}",
     journal   = "JHEP",
     volume    = 05,
     year      = 2006,
     pages     = 026,
}
@Article{Pythia8,
      author         = "Sj{\"o}strand, Torbjorn and Mrenna, Stephen and Skands, Peter
                        Z.",
      title          = "{A Brief Introduction to PYTHIA 8.1}",
      journal        = "Comput.Phys.Commun.",
      volume         = 178,
      pages          = "852-867",
      doi            = "10.1016/j.cpc.2008.01.036",
      year           = 2008,
      eprint         = "0710.3820",
      archivePrefix  = "arXiv",
      primaryClass   = "hep-ph",
}
@article{CT10,
author         = {Lai, H. L. and others},
title          = "{New parton distributions for collider physics}",
journal        = {Phys.Rev. \textbf{D 82} (2010)},
archivePrefix  = "arXiv",
primaryClass   = "hep-ph",
eprint = {1007.2241}
}
@Article{geant,
     author    = "Agostinelli, S. and others",
     collaboration = "GEANT4",
     title     = "{GEANT4: A simulation toolkit}",
     journal   = "Nucl. Instrum. Meth.",
     volume    = "A506",
     year      = "2003",
     pages     = "250-303",
     url       = "http://geant4.web.cern.ch/geant4/"
}

@Article{atlassimulation,
     author    = "{ATLAS Collaboration}",
     title     = "{The ATLAS Simulation Infrastructure}",
     journal   = "Eur. Phys. J.",
     volume    = "C70",
     year      = "2010",
     pages     = "823-874",
     eprint    = "1005.4568",
     archivePrefix = "arXiv",
     primaryClass  =  "physics.ins-det",
     doi       = "10.1140/epjc/s10052-010-1429-9",
}

@article{madgraph5,
      author         = "Alwall, Johan and Herquet, Michel and Maltoni, Fabio and
                        Mattelaer, Olivier and Stelzer, Tim",
      title          = "{MadGraph 5 : Going Beyond}",
      journal        = "JHEP",
      volume         = "1106",
      pages          = "128",
      doi            = "10.1007/JHEP06(2011)128",
      year           = "2011",
      eprint         = "1106.0522",
      archivePrefix  = "arXiv",
      primaryClass   = "hep-ph",
      reportNumber   = "FERMILAB-PUB-11-448-T",
      SLACcitation   = "%%CITATION = ARXIV:1106.0522;%%",
}

@article{atlfast,
      author         = "Lukas, W.",
      title          = "{Fast Simulation for ATLAS: Atlfast-II and ISF}",
      year           = "2012",
      reportNumber   = "ATL-SOFT-PROC-2012-065, ATL-COM-SOFT-2012-137",
      SLACcitation   = "%%CITATION = ATL-SOFT-PROC-2012-065 ETC.;%%",
}
