% ==================== theory papers ==============================

@article{wzmass1,
  title = {Broken Symmetry and the Mass of Gauge Vector Mesons},
  author = {Englert, F. and Brout, R.},
  journal = {Phys. Rev. Lett.},
  volume = {13},
  issue = {9},
  pages = {321--323},
  numpages = {0},
  year = {1964},
  month = {Aug},
  publisher = {American Physical Society},
  doi = {10.1103/PhysRevLett.13.321},
  NOurl = {http://link.aps.org/doi/10.1103/PhysRevLett.13.321}
}

@article{higgs1,
title = "Broken symmetries, massless particles and gauge fields ",
journal = "Physics Letters ",
volume = "12",
number = "2",
pages = "132 - 133",
year = "1964",
note = "",
issn = "0031-9163",
doi = "http://dx.doi.org/10.1016/0031-9163(64)91136-9",
NOurl = "http://www.sciencedirect.com/science/article/pii/0031916364911369",
author = "P.W. Higgs"
}
@article{higgs2,
  title = {Broken Symmetries and the Masses of Gauge Bosons},
  author = {Higgs, Peter W.},
  journal = {Phys. Rev. Lett.},
  volume = {13},
  issue = {16},
  pages = {508--509},
  numpages = {0},
  year = {1964},
  month = {Oct},
  publisher = {American Physical Society},
  doi = {10.1103/PhysRevLett.13.508},
  NOurl = {http://link.aps.org/doi/10.1103/PhysRevLett.13.508}
}
@article{ewuv,
  title = {Ultraviolet Behavior of Non-Abelian Gauge Theories},
  author = {Gross, David J. and Wilczek, Frank},
  journal = {Phys. Rev. Lett.},
  volume = {30},
  issue = {26},
  pages = {1343--1346},
  numpages = {0},
  year = {1973},
  month = {Jun},
  publisher = {American Physical Society},
  doi = {10.1103/PhysRevLett.30.1343},
  url = {http://link.aps.org/doi/10.1103/PhysRevLett.30.1343}
}

@article{ewgaugeinvariance,
  title = {Derivation of gauge invariance from high-energy unitarity bounds on the $S$ matrix},
  author = {Cornwall, John M. and Levin, David N. and Tiktopoulos, George},
  journal = {Phys. Rev. D},
  volume = {10},
  issue = {4},
  pages = {1145--1167},
  numpages = {0},
  year = {1974},
  month = {Aug},
  publisher = {American Physical Society},
  doi = {10.1103/PhysRevD.10.1145},
  url = {http://link.aps.org/doi/10.1103/PhysRevD.10.1145}
}

@article{weakinthev,
  title = {Weak interactions at very high energies: The role of the Higgs-boson mass},
  author = {Lee, Benjamin W. and Quigg, C. and Thacker, H. B.},
  journal = {Phys. Rev. D},
  volume = {16},
  issue = {5},
  pages = {1519--1531},
  numpages = {0},
  year = {1977},
  month = {Sep},
  publisher = {American Physical Society},
  doi = {10.1103/PhysRevD.16.1519},
  url = {http://link.aps.org/doi/10.1103/PhysRevD.16.1519}
}

@article{susywes,
      author         = "Fayet, Pierre",
      title          = "{Supersymmetry and Weak, Electromagnetic and Strong
                        Interactions}",
      journal        = "Phys.Lett.",
      volume         = "B64",
      pages          = "159",
      doi            = "10.1016/0370-2693(76)90319-1",
      year           = "1976",
      reportNumber   = "PTENS 76/14",
      SLACcitation   = "%%CITATION = PHLTA,B64,159;%%",
}

@article{pythiatheory,
title = "Parton fragmentation and string dynamics ",
journal = "Physics Reports ",
volume = "97",
number = "2–3",
pages = "31 - 145",
year = "1983",
note = "",
issn = "0370-1573",
doi = "http://dx.doi.org/10.1016/0370-1573(83)90080-7",
url = "http://www.sciencedirect.com/science/article/pii/0370157383900807",
author = "B. Andersson and G. Gustafson and G. Ingelman and T. Sjöstrand"
}

@article{herwigpretheory,
      author         = "Gottschalk, Thomas D.",
      title          = "{An Improved Description of Hadronization in the {QCD}
                        Cluster Model for $e^+ e^-$ Annihilation}",
      journal        = "Nucl.Phys.",
      volume         = "B239",
      pages          = "349",
      doi            = "10.1016/0550-3213(84)90253-0",
      year           = "1984",
      reportNumber   = "CALT-68-1052",
      SLACcitation   = "%%CITATION = NUPHA,B239,349;%%",
}
@article{herwigtheory,
title = "Monte Carlo simulation of general hard processes with coherent \{QCD\} radiation ",
journal = "Nuclear Physics B ",
volume = "310",
number = "3–4",
pages = "461 - 526",
year = "1988",
note = "",
issn = "0550-3213",
doi = "http://dx.doi.org/10.1016/0550-3213(88)90089-2",
url = "http://www.sciencedirect.com/science/article/pii/0550321388900892",
author = "G. Marchesini and B.R. Webber"
}

@article{susymasses,
title = "Upper bounds on supersymmetric particle masses ",
journal = "Nuclear Physics B ",
volume = "306",
number = "1",
pages = "63 - 76",
year = "1988",
note = "",
issn = "0550-3213",
doi = "http://dx.doi.org/10.1016/0550-3213(88)90171-X",
url = "http://www.sciencedirect.com/science/article/pii/055032138890171X",
author = "R. Barbieri and G.F. Giudice"
}

@article{susyoneloop,
      author         = "de Carlos, B. and Casas, J.A.",
      title          = "{One loop analysis of the electroweak breaking in
                        supersymmetric models and the fine tuning problem}",
      journal        = "Phys.Lett.",
      volume         = "B309",
      pages          = "320-328",
      doi            = "10.1016/0370-2693(93)90940-J",
      year           = "1993",
      eprint         = "hep-ph/9303291",
      archivePrefix  = "arXiv",
      primaryClass   = "hep-ph",
      reportNumber   = "CERN-TH-6835-93, IEM-FT-70-93",
      SLACcitation   = "%%CITATION = HEP-PH/9303291;%%",
}

@article{gutsusy,
title = "Comparison of grand unified theories with electroweak and strong coupling constants measured at \{LEP\} ",
journal = "Physics Letters B ",
volume = "260",
number = "3–4",
pages = "447 - 455",
year = "1991",
note = "",
issn = "0370-2693",
doi = "http://dx.doi.org/10.1016/0370-2693(91)91641-8",
url = "http://www.sciencedirect.com/science/article/pii/0370269391916418",
author = "Ugo Amaldi and Wim de Boer and Hermann Fürstenau"
}

@article{mfveft,
      author         = "D'Ambrosio, G. and Giudice, G.F. and Isidori, G. and
                        Strumia, A.",
      title          = "{Minimal flavor violation: An Effective field theory
                        approach}",
      journal        = "Nucl.Phys.",
      volume         = "B645",
      pages          = "155-187",
      doi            = "10.1016/S0550-3213(02)00836-2",
      year           = "2002",
      eprint         = "hep-ph/0207036",
      archivePrefix  = "arXiv",
      primaryClass   = "hep-ph",
      reportNumber   = "CERN-TH-2002-147, IFUP-TH-2002-17",
      SLACcitation   = "%%CITATION = HEP-PH/0207036;%%",
}

@article{charminghiggs,
  title = {Enhanced Higgs boson coupling to charm pairs},
  author = {Delaunay, C\'edric and Golling, Tobias and Perez, Gilad and Soreq, Yotam},
  journal = {Phys. Rev. D},
  volume = {89},
  issue = {3},
  pages = {033014},
  numpages = {8},
  year = {2014},
  month = {Feb},
  publisher = {American Physical Society},
  doi = {10.1103/PhysRevD.89.033014},
  NOurl = {http://link.aps.org/doi/10.1103/PhysRevD.89.033014}
}

@article{light-squarks,
  title = {Light Nondegenerate Squarks at the LHC},
  author = {Mahbubani, Rakhi and Papucci, Michele and Perez, Gilad and Ruderman, Joshua T. and Weiler, Andreas},
  journal = {Phys. Rev. Lett.},
  volume = {110},
  issue = {15},
  pages = {151804},
  numpages = {5},
  year = {2013},
  month = {Apr},
  publisher = {American Physical Society},
  doi = {10.1103/PhysRevLett.110.151804},
  url = {http://link.aps.org/doi/10.1103/PhysRevLett.110.151804}
}

@article{mct,
      author         = "Tovey, Daniel R.",
      title          = "{On measuring the masses of pair-produced semi-invisibly
                        decaying particles at hadron colliders}",
      journal        = "JHEP",
      volume         = "0804",
      pages          = "034",
      doi            = "10.1088/1126-6708/2008/04/034",
      year           = "2008",
      eprint         = "0802.2879",
      archivePrefix  = "arXiv",
      primaryClass   = "hep-ph",
      SLACcitation   = "%%CITATION = ARXIV:0802.2879;%%",
}


@Article{mctboost,
     author    = "G. Polesello and D.R. Tovey",
     titleCOM     = "{Supersymmetric particle mass measurement with the boost-
                  corrected contransverse mass}",
     journal   = "JHEP",
     volume    = "03",
     year      = "2010",
     pages     = "030",
     doi       = "10.1007/JHEP03(2010)030",
     archivePrefix = "arXiv",
     eprint        = "0910.0174",
     primaryClass  =  "hep-ph",
     SLACcitation  = "%%CITATION = 0910.0174;%%"
}

@article{mt2,
      author         = "Lester, C.G. and Summers, D.J.",
      title          = "{Measuring masses of semiinvisibly decaying particles
                        pair produced at hadron colliders}",
      journal        = "Phys.Lett.",
      volume         = "B463",
      pages          = "99-103",
      doi            = "10.1016/S0370-2693(99)00945-4",
      year           = "1999",
      eprint         = "hep-ph/9906349",
      archivePrefix  = "arXiv",
      primaryClass   = "hep-ph",
      reportNumber   = "CAVENDISH-HEP-99-07",
      SLACcitation   = "%%CITATION = HEP-PH/9906349;%%",
}

@article{mt2-nach,
      author         = "Nachman, Benjamin",
      title          = "{Measuring the Top Quark Mass using Kinematic Endpoints}",
      collaboration  = "CMS",
      journal        = "J.Phys.Conf.Ser.",
      volume         = "452",
      pages          = "012056",
      doi            = "10.1088/1742-6596/452/1/012056",
      year           = "2013",
      eprint         = "1303.3988",
      archivePrefix  = "arXiv",
      primaryClass   = "hep-ex",
      SLACcitation   = "%%CITATION = ARXIV:1303.3988;%%",
}

@article{susy-xsec,
      author         = "Kramer, Michael and Kulesza, Anna and van der Leeuw,
                        Robin and Mangano, Michelangelo and Padhi, Sanjay and
                        others",
      title          = "{Supersymmetry production cross sections in $pp$
                        collisions at $\sqrt{s}=7$ TeV}",
      year           = "2012",
      eprint         = "1206.2892",
      archivePrefix  = "arXiv",
      primaryClass   = "hep-ph",
      reportNumber   = "CERN-PH-TH-2012-163",
      SLACcitation   = "%%CITATION = ARXIV:1206.2892;%%",
}

@article{single-t-dr,
      author         = "Frixione, Stefano and Laenen, Eric and Motylinski,
                        Patrick and Webber, Bryan R. and White, Chris D.",
      title          = "{Single-top hadroproduction in association with a W
                        boson}",
      journal        = "JHEP",
      volume         = "0807",
      pages          = "029",
      doi            = "10.1088/1126-6708/2008/07/029",
      year           = "2008",
      eprint         = "0805.3067",
      archivePrefix  = "arXiv",
      primaryClass   = "hep-ph",
      reportNumber   = "CERN-TH-2008-104, ITP-UU-08-27, NIKHEF-2008-005,
                        ITFA-2008-16, CAVENDISH-HEP-08-06",
      SLACcitation   = "%%CITATION = ARXIV:0805.3067;%%",
}
@article{single-t-ds,
      author         = "Tait, Timothy M.P.",
      title          = "{The $t W^{-}$ mode of single top production}",
      journal        = "Phys.Rev.",
      volume         = "D61",
      pages          = "034001",
      doi            = "10.1103/PhysRevD.61.034001",
      year           = "2000",
      eprint         = "hep-ph/9909352",
      archivePrefix  = "arXiv",
      primaryClass   = "hep-ph",
      reportNumber   = "ANL-HEP-PR-99-98",
      SLACcitation   = "%%CITATION = HEP-PH/9909352;%%",
}

@article{flavored-naturalness,
      author         = "Blanke, Monika and Giudice, Gian F. and Paradisi, Paride
                        and Perez, Gilad and Zupan, Jure",
      title          = "{Flavoured Naturalness}",
      journal        = "JHEP",
      volume         = "1306",
      pages          = "022",
      doi            = "10.1007/JHEP06(2013)022",
      year           = "2013",
      eprint         = "1302.7232",
      archivePrefix  = "arXiv",
      primaryClass   = "hep-ph",
      reportNumber   = "CERN-PH-TH-2013-037",
      SLACcitation   = "%%CITATION = ARXIV:1302.7232;%%",
}

@article{squark-mixing,
      author         = "Bartl, A. and Eberl, H. and Herrmann, B. and Hidaka, K.
                        and Majerotto, W. and others",
      title          = "{Impact of squark generation mixing on the search for
                        squarks decaying into fermions at LHC}",
      journal        = "Phys.Lett.",
      volume         = "B698",
      pages          = "380-388",
      doi            = "10.1016/j.physletb.2011.04.051,
                        10.1016/j.physletb.2011.01.020",
      year           = "2011",
      eprint         = "1007.5483",
      archivePrefix  = "arXiv",
      primaryClass   = "hep-ph",
      reportNumber   = "DESY-10-059",
      SLACcitation   = "%%CITATION = ARXIV:1007.5483;%%",
}
