@misc{jes-twiki,
title = {Jet Uncertainty Package},
note = {Version: \texttt{JetUncertainties-00-08-07}},
howpublished = {\url{https://twiki.cern.ch/twiki/bin/view/AtlasProtected/JetUncertainties2012}}
}

@misc{jer,
title = {Jet Energy Resolution Provider},
note = {Version: \texttt{JetResolution-02-00-03}},
howpublished = {\url{https://twiki.cern.ch/twiki/bin/view/AtlasProtected/JetEnergyResolutionProvider2012}}
}

@misc{met-tool,
title = {Missing Transverse Energy Utility},
note = {Version: \texttt{MissingETUtility-01-02-06}},
howpublished = {\url{https://twiki.cern.ch/twiki/bin/viewauth/AtlasProtected/MissingETUtility}}
}