@techreport{susy-expected-run2,
      title         = "{Expected sensitivity studies for gluino and squark
                       searches using the early LHC 13 TeV Run-2 dataset with the
                       ATLAS experiment}",
      institution   = "CERN",
      address       = "Geneva",
      number        = "ATL-PHYS-PUB-2015-005",
      month         = "Mar",
      year          = "2015",
      reportNumber  = "ATL-PHYS-PUB-2015-005",
      url           = "https://cds.cern.ch/record/2002608",
}
